<record><leader>00000cas a22000007a 4500</leader><controlfield tag="001">22351696</controlfield><controlfield tag="008">900910d18611864mouwr ne      0    0eng d</controlfield><datafield ind1=" " ind2=" " tag="010"><subfield code="a">sn 90073059 </subfield></datafield><datafield ind1=" " ind2=" " tag="040"><subfield code="a">MQN</subfield><subfield code="b">eng</subfield><subfield code="c">MQN</subfield><subfield code="d">OCLCQ</subfield></datafield><datafield ind1=" " ind2=" " tag="042"><subfield code="a">msc</subfield></datafield><datafield ind1="0" ind2="0" tag="245"><subfield code="a">Platte County sentinel.</subfield></datafield><datafield ind1=" " ind2=" " tag="260"><subfield code="a">Weston, Mo. :</subfield><subfield code="b">A.F. Cox</subfield></datafield><datafield ind1=" " ind2=" " tag="300"><subfield code="a">v.</subfield></datafield><datafield ind1=" " ind2=" " tag="310"><subfield code="a">Weekly</subfield></datafield><datafield ind1="1" ind2=" " tag="362"><subfield code="a">Began in 1861? Ceased in 1864?</subfield></datafield><datafield ind1=" " ind2=" " tag="500"><subfield code="a">Publication moved to Platte City, Mo., Feb. 1864.</subfield></datafield><datafield ind1=" " ind2=" " tag="515"><subfield code="a">Some issues include vol. numbering: &lt;v. 2, no. 33 (Mar. 25, 1864)-v. 2, no. 46 (June 23, 1864)&gt;.</subfield></datafield><datafield ind1=" " ind2=" " tag="588"><subfield code="a">Description based on: No. 57 (Sept. 17, 1863).</subfield></datafield><datafield ind1=" " ind2=" " tag="752"><subfield code="a">United States</subfield><subfield code="b">Missouri</subfield><subfield code="c">Platte</subfield><subfield code="d">Platte City.</subfield></datafield><datafield ind1=" " ind2=" " tag="752"><subfield code="a">United States</subfield><subfield code="b">Missouri</subfield><subfield code="c">Platte</subfield><subfield code="d">Weston.</subfield></datafield><datafield ind1="0" ind2="5" tag="780"><subfield code="t">Platte City atlas</subfield><subfield code="w">(DLC)sn 90073058</subfield></datafield></record>